@Inbook{hid-sp18-523-puppetimages,
	author = 	 "Edureka",
	title =        "puppet",
	year =         "2017",
	url = 	 "https://www.edureka.co/blog/videos/puppet-tutorial/",
}
