@Inbook{hid-sp18-520-amazonrds,
	author = 	 "AWS",
	title =        "Amazon RDS",
	year =         "2018",
	url = 	 "https://aws.amazon.com/rds/?p=tile",
}

@Inbook{hid-sp18-520-amardsmon,
	author = 	 "AWS",
	title =        "Automated Monitoring Tools",
	year =         "2018",
	url = 	 "https://docs.aws.amazon.com/AmazonRDS/latest/UserGuide/CHAP_Monitoring.html",
}

@Inbook{hid-sp18-520-amazonrdswel,
	author = 	 "AWS",
	title =        "Overview of Amazon RDS",
	year =         "2018",
	url = 	 "https://docs.aws.amazon.com/AmazonRDS/latest/UserGuide/Welcome.html",
}

@Inbook{hid-sp18-520-amazonrdsprddet,
	author = 	 "AWS",
	title =        "Amazon RDS Product Details",
	year =         "2018",
	url = 	 "https://aws.amazon.com/rds/details/",
}

@Inbook{hid-sp18-520-amazonrdscreatesteps,
	author = 	 "AWS",
	title =        "Create and Connect to a MySQL Database",
	year =         "2018",
	url = 	 "https://aws.amazon.com/getting-started/tutorials/create-mysql-db/",
}

@Inbook{hid-sp18-520-amazonrdsfaqs,
	author = 	 "AWS",
	title =        "Amazon RDS FAQs",
	year =         "2018",
	url = 	 "https://aws.amazon.com/rds/faqs/",
}

@Inbook{hid-sp18-520-amazonrdsdel,
	author = 	 "AWS",
	title =        "CLI",
	year =         "2018",
	url = 	 "https://docs.aws.amazon.com/AmazonRDS/latest/UserGuide/USER_DeleteInstance.html",
}
